@misc{website:elixir_homepage,
  author = "Elixir",
  title = "Elixir Homepage",
  month = "March",
  year = "2017",
  url = "http://elixir-lang.org/"
}
